@misc{bochkovskiy2020yolov4,
    title={YOLOv4: Optimal Speed and Accuracy of Object Detection}, 
    author={Alexey Bochkovskiy and Chien-Yao Wang and Hong-Yuan Mark Liao},
    year={2020},
    eprint={2004.10934},
    archivePrefix={arXiv},
    primaryClass={cs.CV}
}

@inproceedings{Houben-IJCNN-2013,
    author = {Sebastian Houben and Johannes Stallkamp and Jan Salmen and Marc Schlipsing and Christian Igel},
    booktitle = {International Joint Conference on Neural Networks},
    title = {Detection of Traffic Signs in Real-World Images: The {G}erman {T}raffic {S}ign {D}etection {B}enchmark},
    number = {1288},
    year = {2013},
}

@misc{darknet13,
    author =   {Joseph Redmon},
    title =    {Darknet: Open Source Neural Networks in {C}},
    howpublished = {\url{http://pjreddie.com/darknet/}},
    year = {2013--2016}
}

 @misc{Bochkovskiy_2020,
    title={YOLOv4 â€” the Most Accurate Real-time Neural Network On {MS COCO} Dataset.},
    howpublished={\url{https://alexeyab84.medium.com/yolov4-the-most-accurate-real-time-neural-network-on-ms-coco-dataset-73adfd3602fe}},
    journal={Medium},
    author={Bochkovskiy, Aleksey},
    year={2020},
    month={Jul}
}

@misc{Yohanandan_2020,
    title={MAP (mean Average Precision) Might Confuse You!},
    url={https://towardsdatascience.com/map-mean-average-precision-might-confuse-you-5956f1bfa9e2},
    journal={Medium},
    author={Yohanandan, Shivy}, 
    year={2020}, 
    month={Jun} 
}