@InProceedings{Zhe_2016_CVPR,
    
    author = {Zhu, Zhe and Liang, Dun and Zhang, Songhai and Huang, Xiaolei and Li, Baoli and Hu, Shimin},
    
    title = {Traffic-Sign Detection and Classification in the Wild},
    
    booktitle = {The IEEE Conference on Computer Vision and Pattern Recognition (CVPR)},
    
    year = {2016}
    
}

@inproceedings{Houben-IJCNN-2013,
    author = {Sebastian Houben and Johannes Stallkamp and Jan Salmen and Marc Schlipsing and Christian Igel},
    booktitle = {International Joint Conference on Neural Networks},
    title = {Detection of Traffic Signs in Real-World Images: The {G}erman {T}raffic {S}ign {D}etection {B}enchmark},
    number = {1288},
    year = {2013},
}

@article{yolov3,
    title={YOLOv3: An Incremental Improvement},
    author={Redmon, Joseph and Farhadi, Ali},
    journal = {arXiv},
    year={2018}
}

@article{DBLP:journals/semweb/RoderUN18,
    author    = {Michael R{\"{o}}der and
    Ricardo Usbeck and
    Axel{-}Cyrille Ngonga Ngomo},
    title     = {{GERBIL} - Benchmarking Named Entity Recognition and Linking consistently},
    journal   = {Semantic Web},
    volume    = {9},
    number    = {5},
    pages     = {605--625},
    year      = {2018},
    url       = {https://doi.org/10.3233/SW-170286},
    doi       = {10.3233/SW-170286},
    timestamp = {Tue, 18 Sep 2018 13:17:04 +0200},
    biburl    = {https://dblp.org/rec/journals/semweb/RoderUN18.bib},
    bibsource = {dblp computer science bibliography, https://dblp.org}
}